<?xml version="1.0" encoding="utf-8"?>
<record xmlns="http://www.loc.gov/MARC21/slim" xmlns:xsi="http://www.w3.org/2001/XMLSchema-instance" xsi:schemaLocation="http://www.loc.gov/MARC21/slim http://www.loc.gov/standards/marcxml/schema/MARC21slim.xsd">
	<leader>     nam a22        4500</leader>
	<controlfield tag="001">b12363042</controlfield>
	<controlfield tag="003">LeBAU</controlfield>
	<controlfield tag="006">m        d        </controlfield>
	<controlfield tag="007">cr cn |||m|||a</controlfield>
	<controlfield tag="008">180126s1916    ua      o     ||0 0 ara d</controlfield>
	<datafield ind1=" " ind2=" " tag="040">
		<subfield code="a">NNU</subfield>
		<subfield code="b">ara</subfield>
		<subfield code="e">rda</subfield>
		<subfield code="c">NNU</subfield>
	</datafield>
	<datafield ind1="0" ind2="4" tag="082">
		<subfield code="a">181.07</subfield>
		<subfield code="2">22</subfield>
	</datafield>
	<datafield ind1="1" ind2=" " tag="100">
		<subfield code="6">880-01</subfield>
		<subfield code="a">Suhrawardī, Yaḥyá ibn Ḥabash,</subfield>
		<subfield code="d">1152 or 1153-1191,</subfield>
		<subfield code="e">author.</subfield>
	</datafield>
	<datafield ind1="1" ind2="0" tag="245">
		<subfield code="6">880-02</subfield>
		<subfield code="a">Hayākil al-nūr /</subfield>
		<subfield code="c">lil-ḥakīm al-subḥānī wa-al-haykal al-ṣamadānī faylasūf al-Islām Shihāb al-Dīn Abī al-Futūḥ Yaḥyá ibn Ḥabash al-Suhrawardī al-shahīr bi-al-Shaykh al-Maqtūl, al-mutawaffá salkh Dhī al-Ḥijjah sanat 587 H. bi-Ḥalab ; muṭarraz al-ḥawāshī bi-ta‘līqāt ba‘ḍ nukhbat fuḍalā’ al-‘aṣr. [Wa-yalīh] ‘Ajā’ib al-Nuṣūṣ fī Tahdhīb al-Fuṣūṣ / li-aḥad fuḍalā’ al-‘aṣr al-ḥāḍir hadhdhaba fīhi fuṣūṣ ḥakīm al-‘Arab fī al-‘alam al-Islāmī al-mu‘allim al-thānī Abī al-Naṣr al-Fārābī. [Wa-yalīh] Uṣūl al-Mantiq wa-al-Munāẓarah ‘arraba fīhā al-uṣūl al-mantiqīyah lil-sayyid al-sharīf ibnuhu wa-ḍammanahā faḍlan ‘an hadhā uṣūl fann al-baḥth wa-al-munāẓarah bi-ghāyat al-taqrīb wa-al-ījāz mimmā yakfī ṭullāb al-‘ilm fī hādhayn al-fannayn al-jalīlayn.</subfield>
	</datafield>
	<datafield ind1=" " ind2=" " tag="250">
		<subfield code="6">880-03</subfield>
		<subfield code="a">al-Ṭab‘ah al-ūlá.</subfield>
	</datafield>
	<datafield ind1=" " ind2="1" tag="264">
		<subfield code="6">880-04</subfield>
		<subfield code="a">Miṣr :</subfield>
		<subfield code="b">Maṭba‘at al-Sa‘ādah,</subfield>
		<subfield code="c">1335 H., [1916? M.]</subfield>
	</datafield>
	<datafield ind1=" " ind2=" " tag="300">
		<subfield code="6">880-05</subfield>
		<subfield code="a">online resource (96 pages)</subfield>
	</datafield>
	<datafield ind1=" " ind2=" " tag="336">
		<subfield code="a">text</subfield>
		<subfield code="2">rdacontent</subfield>
	</datafield>
	<datafield ind1=" " ind2=" " tag="337">
		<subfield code="a">computer</subfield>
		<subfield code="2">rdamedia</subfield>
	</datafield>
	<datafield ind1=" " ind2=" " tag="338">
		<subfield code="a">online resource</subfield>
		<subfield code="2">rdacarrier</subfield>
	</datafield>
	<datafield ind1=" " ind2=" " tag="500">
		<subfield code="a">&quot;لما رأينا كتاب الفصوص للمعلم الثاني أبي النصر الفارابي الشهير كتاباً بديعاً في فنه يضاهي ذلك الكتاب الجليل وقد خدمه وحرره أحد فضلاء العصر وسماه عجائب النصوص رأينا أن لا يحرم منه طلاب المعرفة وعشاق الفلسفة لذا ألحقناه به.&quot;</subfield>
	</datafield>
	<datafield ind1=" " ind2=" " tag="500">
		<subfield code="a">Part of the Arabic Collections Online (ACO) project, contributed by American University of Beirut's Jafet Memorial Library.</subfield>
	</datafield>
	<datafield ind1=" " ind2=" " tag="533">
		<subfield code="a">Electronic reproduction.</subfield>
		<subfield code="b">New York, N.Y. :</subfield>
		<subfield code="c">New York University,</subfield>
		<subfield code="d">2018.</subfield>
		<subfield code="5">NNU</subfield>
	</datafield>
	<datafield ind1=" " ind2="4" tag="650">
		<subfield code="a">الفلسفة العربية</subfield>
		<subfield code="v">اعمال قديمة حتى 1800.</subfield>
	</datafield>
	<datafield ind1=" " ind2="4" tag="650">
		<subfield code="a">التصوف</subfield>
		<subfield code="v">اعمال قديمة حتى 1800.</subfield>
	</datafield>
	<datafield ind1=" " ind2="0" tag="650">
		<subfield code="a">Philosophy, Arab</subfield>
		<subfield code="v">Early works to 1800.</subfield>
	</datafield>
	<datafield ind1=" " ind2="0" tag="650">
		<subfield code="a">Sufism</subfield>
		<subfield code="v">Early works to 1800.</subfield>
	</datafield>
	<datafield ind1="0" ind2="2" tag="700">
		<subfield code="6">880-06</subfield>
		<subfield code="a">Fārābī.</subfield>
		<subfield code="t">‘Ajā’ib al-Nuṣūṣ fī Tahdhīb al-Fuṣūṣ.</subfield>
	</datafield>
	<datafield ind1="1" ind2="2" tag="700">
		<subfield code="6">880-07</subfield>
		<subfield code="a">Ḥusaynī, Muḥammad ibn Sharīf.</subfield>
		<subfield code="t">Uṣūl al-Mantiq wa-al-Munāẓarah.</subfield>
	</datafield>
	<datafield ind1="2" ind2=" " tag="710">
		<subfield code="a">Jafet Memorial Library.</subfield>
	</datafield>
	<datafield ind1="0" ind2=" " tag="730">
		<subfield code="a">Arabic Collections Online.</subfield>
	</datafield>
	<datafield ind1="0" ind2="8" tag="776">
		<subfield code="i">Print version:</subfield>
		<subfield code="a">Suhrawardī, Yaḥyá ibn Ḥabash, 1152 or 1153-1191, author.</subfield>
		<subfield code="t">Hayākil al-nūr</subfield>
		<subfield code="w">(LeBAU)b12363042</subfield>
	</datafield>
	<datafield ind1="4" ind2="0" tag="856">
		<subfield code="u">http://hdl.handle.net/2333.1/z08kpz72</subfield>
	</datafield>
	<datafield ind1="1" ind2=" " tag="880">
		<subfield code="6">100-01/(3/r</subfield>
		<subfield code="a">السهروردي، يحيى بن حبش،</subfield>
		<subfield code="d">1152 او 1153-1191،</subfield>
		<subfield code="e">مؤلف. </subfield>
		<subfield code="4">aut.</subfield>
	</datafield>
	<datafield ind1="1" ind2="0" tag="880">
		<subfield code="6">245-02/(3/r</subfield>
		<subfield code="a">هياكل النور /</subfield>
		<subfield code="c">للحكيم السبحاني والهيكل الصمداني فيلسوف الإسلام شهاب الدين أبي الفتوح يحيى بن حبش السهروردي الشهير بالشيخ المقتول المتوفى سلخ ذي الحجة سنة 587 هـ. بحلب ؛ مطرز الحواشي بتعليقات بعض نخبة فضلاء العصر. [ويليه] عجائب النصوص في تهذيب الفصوص / لأحد فضلاء العصر الحاضر هذب فيه فصوص حكيم العرب في العالم الإسلامي المعلم الثاني أبي النصر الفارابي. [ويليه] أصول المنطق والمناظرة عرب فيها الأصول المنطقية للسيد الشريف إبنه وضمنها فضلا عن هذا اصول فن البحث والمناظرة بغاية التقريب والإيجاز مما يكفي طلاب العلم في هذين الفنين الجليلين.</subfield>
	</datafield>
	<datafield ind1=" " ind2=" " tag="880">
		<subfield code="6">250-03/(3/r</subfield>
		<subfield code="a">الطبعة الأولى.</subfield>
	</datafield>
	<datafield ind1=" " ind2="1" tag="880">
		<subfield code="6">264-04/(3/r</subfield>
		<subfield code="a">مصر :</subfield>
		<subfield code="b">مطبعة السعادة،</subfield>
		<subfield code="c">1335هـ.، [1916؟ م.]</subfield>
	</datafield>
	<datafield ind1=" " ind2=" " tag="880">
		<subfield code="6">300-05/(3/r</subfield>
		<subfield code="a">96 صفحة ؛</subfield>
		<subfield code="c">20 سم</subfield>
	</datafield>
	<datafield ind1="0" ind2="2" tag="880">
		<subfield code="6">700-06/(3/r</subfield>
		<subfield code="a">الفارابي.</subfield>
		<subfield code="t">عجائب النصوص في تهذيب الفصوص.</subfield>
	</datafield>
	<datafield ind1="1" ind2="2" tag="880">
		<subfield code="6">700-07/(3/r</subfield>
		<subfield code="a">الحسيني، محمد بن شريف.</subfield>
		<subfield code="t">أصول المنطق والمناظرة.</subfield>
	</datafield>
	<datafield ind1=" " ind2=" " tag="959">
		<subfield code="a">NNU</subfield>
		<subfield code="b">WEB</subfield>
		<subfield code="c">GENI</subfield>
		<subfield code="t">0</subfield>
		<subfield code="m">Electronic access</subfield>
		<subfield code="s">01</subfield>
	</datafield>
	<datafield ind1=" " ind2=" " tag="999">
		<subfield code="i">LeBAU_b12363042</subfield>
		<subfield code="s">aub_aco001465</subfield>
		<subfield code="e">(ERROR-MISC)</subfield>
	</datafield>
</record>
